101 090000515 0401040182605241535A094101FRB Tungsten           Baguette store                 
5220Baguette store                      1313131310PPDLEEK PAY  260524260524   1040104010000001
62201010101239               0000000100               Leek store              1040104010000001
70531 tons of leek purchase!                                                       00010000001
62201010101239               0000000100               Leek store              0040104010000002
822000000300020202020000000000000000000002001313131310                         040104010000001
5220Baguette Outlet                     1555666777PPDLEEK BUY  260524260524   1123412340000002
62251431000831               0000000100               Leek store              1123412340000001
70531 tons of leek purchase!                                                       00010000001
62251431000831               0000000100               Leek store              0123412340000002
822000000301028620000000000000000000000002001555666777                         123412340000002
9000002000002000000060104882202000000000000000000000400                                       
9999999999999999999999999999999999999999999999999999999999999999999999999999999999999999999999
9999999999999999999999999999999999999999999999999999999999999999999999999999999999999999999999
9999999999999999999999999999999999999999999999999999999999999999999999999999999999999999999999
9999999999999999999999999999999999999999999999999999999999999999999999999999999999999999999999
9999999999999999999999999999999999999999999999999999999999999999999999999999999999999999999999
9999999999999999999999999999999999999999999999999999999999999999999999999999999999999999999999
9999999999999999999999999999999999999999999999999999999999999999999999999999999999999999999999
9999999999999999999999999999999999999999999999999999999999999999999999999999999999999999999999