101 090000515 0401040182604050900A094101FRB Tungsten           Baguette Bank                  
5220Baguette store                      1313131310PPDLEEK PAY        260406   1040104010000001
62201010101239               0000015075               Leek store              1040104010000001
705A 31 tons of leek purchase!                                                     00010000001
62291031031439               0000015075               Leek store              0040104010000002
62291031031439               0000015075               Leek store              0040104010000003
62291031031439               0000015075               Leek store              0040104010000004
62291031031439               0000015075               Leek store              0040104010000005
62291031031439               0000015075               Leek store              0040104010000006
62291031031439               0000015075               Leek store              0040104010000007
62291031031439               0000015075               Leek store              0040104010000008
62291031031439               0000015075               Leek store              0040104010000009
62291031031439               0000015075               Leek store              0040104010000010
62291031031439               0000015075               Leek store              0040104010000011
62291031031439               0000015075               Leek store              0040104010000012
62291031031439               0000015075               Leek store              0040104010000013
62291031031439               0000015075               Leek store              0040104010000014
62291031031439               0000015075               Leek store              0040104010000015
62291031031439               0000015075               Leek store              0040104010000016
62291031031439               0000015075               Leek store              0040104010000017
62291031031439               0000015075               Leek store              0040104010000018
62291031031439               0000015075               Leek store              0040104010000019
62291031031439               0000015075               Leek store              0040104010000020
62291031031439               0000015075               Leek store              0040104010000021
62291031031439               0000015075               Leek store              0040104010000022
62291031031439               0000015075               Leek store              0040104010000023
62291031031439               0000015075               Leek store              0040104010000024
62291031031439               0000015075               Leek store              0040104010000025
62291031031439               0000015075               Leek store              0040104010000026
62291031031439               0000015075               Leek store              0040104010000027
62291031031439               0000015075               Leek store              0040104010000028
62291031031439               0000015075               Leek store              0040104010000029
62291031031439               0000015075               Leek store              0040104010000030
62291031031439               0000015075               Leek store              0040104010000031
62291031031439               0000015075               Leek store              0040104010000032
62291031031439               0000015075               Leek store              0040104010000033
62291031031439               0000015075               Leek store              0040104010000034
62291031031439               0000015075               Leek store              0040104010000035
62291031031439               0000015075               Leek store              0040104010000036
62291031031439               0000015075               Leek store              0040104010000037
62291031031439               0000015075               Leek store              0040104010000038
62291031031439               0000015075               Leek store              0040104010000039
62291031031439               0000015075               Leek store              0040104010000040
62291031031439               0000015075               Leek store              0040104010000041
62291031031439               0000015075               Leek store              0040104010000042
62291031031439               0000015075               Leek store              0040104010000043
62291031031439               0000015075               Leek store              0040104010000044
62291031031439               0000015075               Leek store              0040104010000045
62291031031439               0000015075               Leek store              0040104010000046
62291031031439               0000015075               Leek store              0040104010000047
62291031031439               0000015075               Leek store              0040104010000048
62291031031439               0000015075               Leek store              0040104010000049
62291031031439               0000015075               Leek store              0040104010000050
62291031031439               0000015075               Leek store              0040104010000051
62291031031439               0000015075               Leek store              0040104010000052
62291031031439               0000015075               Leek store              0040104010000053
62291031031439               0000015075               Leek store              0040104010000054
62291031031439               0000015075               Leek store              0040104010000055
62291031031439               0000015075               Leek store              0040104010000056
62291031031439               0000015075               Leek store              0040104010000057
62291031031439               0000015075               Leek store              0040104010000058
62291031031439               0000015075               Leek store              0040104010000059
62291031031439               0000015075               Leek store              0040104010000060
62291031031439               0000015075               Leek store              0040104010000061
62291031031439               0000015075               Leek store              0040104010000062
62291031031439               0000015075               Leek store              0040104010000063
62291031031439               0000015075               Leek store              0040104010000064
62291031031439               0000015075               Leek store              0040104010000065
62291031031439               0000015075               Leek store              0040104010000066
62291031031439               0000015075               Leek store              0040104010000067
62291031031439               0000015075               Leek store              0040104010000068
62291031031439               0000015075               Leek store              0040104010000069
62291031031439               0000015075               Leek store              0040104010000070
62291031031439               0000015075               Leek store              0040104010000071
62291031031439               0000015075               Leek store              0040104010000072
62291031031439               0000015075               Leek store              0040104010000073
62291031031439               0000015075               Leek store              0040104010000074
62291031031439               0000015075               Leek store              0040104010000075
62291031031439               0000015075               Leek store              0040104010000076
62291031031439               0000015075               Leek store              0040104010000077
62291031031439               0000015075               Leek store              0040104010000078
62291031031439               0000015075               Leek store              0040104010000079
62291031031439               0000015075               Leek store              0040104010000080
62291031031439               0000015075               Leek store              0040104010000081
62291031031439               0000015075               Leek store              0040104010000082
62291031031439               0000015075               Leek store              0040104010000083
62291031031439               0000015075               Leek store              0040104010000084
62291031031439               0000015075               Leek store              0040104010000085
62291031031439               0000015075               Leek store              0040104010000086
62291031031439               0000015075               Leek store              0040104010000087
62291031031439               0000015075               Leek store              0040104010000088
62291031031439               0000015075               Leek store              0040104010000089
62291031031439               0000015075               Leek store              0040104010000090
62291031031439               0000015075               Leek store              0040104010000091
62291031031439               0000015075               Leek store              0040104010000092
62291031031439               0000015075               Leek store              0040104010000093
62291031031439               0000015075               Leek store              0040104010000094
62291031031439               0000015075               Leek store              0040104010000095
62291031031439               0000015075               Leek store              0040104010000096
62291031031439               0000015075               Leek store              0040104010000097
62291031031439               0000015075               Leek store              0040104010000098
62291031031439               0000015075               Leek store              0040104010000099
62291031031439               0000015075               Leek store              0040104010000100
62291031031439               0000015075               Leek store              0040104010000101
62291031031439               0000015075               Leek store              0040104010000102
62291031031439               0000015075               Leek store              0040104010000103
62291031031439               0000015075               Leek store              0040104010000104
62291031031439               0000015075               Leek store              0040104010000105
62291031031439               0000015075               Leek store              0040104010000106
62291031031439               0000015075               Leek store              0040104010000107
62291031031439               0000015075               Leek store              0040104010000108
62291031031439               0000015075               Leek store              0040104010000109
62291031031439               0000015075               Leek store              0040104010000110
62291031031439               0000015075               Leek store              0040104010000111
62291031031439               0000015075               Leek store              0040104010000112
62291031031439               0000015075               Leek store              0040104010000113
62291031031439               0000015075               Leek store              0040104010000114
62291031031439               0000015075               Leek store              0040104010000115
62291031031439               0000015075               Leek store              0040104010000116
62291031031439               0000015075               Leek store              0040104010000117
62291031031439               0000015075               Leek store              0040104010000118
62291031031439               0000015075               Leek store              0040104010000119
62291031031439               0000015075               Leek store              0040104010000120
62291031031439               0000015075               Leek store              0040104010000121
62291031031439               0000015075               Leek store              0040104010000122
62291031031439               0000015075               Leek store              0040104010000123
62291031031439               0000015075               Leek store              0040104010000124
62291031031439               0000015075               Leek store              0040104010000125
62291031031439               0000015075               Leek store              0040104010000126
62291031031439               0000015075               Leek store              0040104010000127
62291031031439               0000015075               Leek store              0040104010000128
62291031031439               0000015075               Leek store              0040104010000129
62291031031439               0000015075               Leek store              0040104010000130
62291031031439               0000015075               Leek store              0040104010000131
62291031031439               0000015075               Leek store              0040104010000132
62291031031439               0000015075               Leek store              0040104010000133
62291031031439               0000015075               Leek store              0040104010000134
62291031031439               0000015075               Leek store              0040104010000135
62291031031439               0000015075               Leek store              0040104010000136
62291031031439               0000015075               Leek store              0040104010000137
62291031031439               0000015075               Leek store              0040104010000138
62291031031439               0000015075               Leek store              0040104010000139
62291031031439               0000015075               Leek store              0040104010000140
62291031031439               0000015075               Leek store              0040104010000141
62291031031439               0000015075               Leek store              0040104010000142
62291031031439               0000015075               Leek store              0040104010000143
62291031031439               0000015075               Leek store              0040104010000144
62291031031439               0000015075               Leek store              0040104010000145
62291031031439               0000015075               Leek store              0040104010000146
62291031031439               0000015075               Leek store              0040104010000147
62291031031439               0000015075               Leek store              0040104010000148
62291031031439               0000015075               Leek store              0040104010000149
62291031031439               0000015075               Leek store              0040104010000150
62291031031439               0000015075               Leek store              0040104010000151
62291031031439               0000015075               Leek store              0040104010000152
62291031031439               0000015075               Leek store              0040104010000153
62291031031439               0000015075               Leek store              0040104010000154
62291031031439               0000015075               Leek store              0040104010000155
62291031031439               0000015075               Leek store              0040104010000156
62291031031439               0000015075               Leek store              0040104010000157
62291031031439               0000015075               Leek store              0040104010000158
62291031031439               0000015075               Leek store              0040104010000159
62291031031439               0000015075               Leek store              0040104010000160
62291031031439               0000015075               Leek store              0040104010000161
62291031031439               0000015075               Leek store              0040104010000162
62291031031439               0000015075               Leek store              0040104010000163
62291031031439               0000015075               Leek store              0040104010000164
62291031031439               0000015075               Leek store              0040104010000165
62291031031439               0000015075               Leek store              0040104010000166
62291031031439               0000015075               Leek store              0040104010000167
62291031031439               0000015075               Leek store              0040104010000168
62291031031439               0000015075               Leek store              0040104010000169
62291031031439               0000015075               Leek store              0040104010000170
822000017153852543400000000000000000025627501313131310                         040104010000001
9000001000018000001715385254340000000000000000002562750                                       
9999999999999999999999999999999999999999999999999999999999999999999999999999999999999999999999
9999999999999999999999999999999999999999999999999999999999999999999999999999999999999999999999
9999999999999999999999999999999999999999999999999999999999999999999999999999999999999999999999
9999999999999999999999999999999999999999999999999999999999999999999999999999999999999999999999
9999999999999999999999999999999999999999999999999999999999999999999999999999999999999999999999