101 090000515 0401040182604050900A094101FRB Tungsten           Baguette Bank                  
5220Baguette store                      1313131310PPDLEEK PAY        260406   1040104010000001
62201010101239               0000015075               Leek store              1040104010000001
705A 31 tons of leek purchase!                                                     00010000001
62231031031239               0000015075               Leek store              0040104010000002
822000000300320411320000000000000000000301501313131310                         040104010000001
9000001000001000000030032041132000000000000000000030150                                       
9999999999999999999999999999999999999999999999999999999999999999999999999999999999999999999999
9999999999999999999999999999999999999999999999999999999999999999999999999999999999999999999999
9999999999999999999999999999999999999999999999999999999999999999999999999999999999999999999999