101 090000515 0401040182605261415A094101FRB Tungsten           Baguette Bank          REF20260
5200Baguette Client 2 entries           123456789 PPDLEEKPAY001260526260527   1040104010000001
622010101012123456789        0000010000INV-1001       Leek Bank Client        1040104010000001
705$100 -> LeekBank client                                                         00010000001
627514310008987654321        0000003100INV-1002       Croissant Bank Client   1040104010000002
70531 <- CroissantBank client                                                      00010000002
82000000040052441101000000003100000000010000123456789                          040104010000001
5220Baguette Store  1 entry             1555666777CCDLEEKPAY002260526260527   1040104010000002
622010101012111222333        0000031000INV-2001       LeekBank                0040104010000004
822000000100010101010000000000000000000310001555666777                         040104010000002
9000002000002000000050053451202000000003100000000041000                                       
9999999999999999999999999999999999999999999999999999999999999999999999999999999999999999999999
9999999999999999999999999999999999999999999999999999999999999999999999999999999999999999999999
9999999999999999999999999999999999999999999999999999999999999999999999999999999999999999999999
9999999999999999999999999999999999999999999999999999999999999999999999999999999999999999999999
9999999999999999999999999999999999999999999999999999999999999999999999999999999999999999999999
9999999999999999999999999999999999999999999999999999999999999999999999999999999999999999999999
9999999999999999999999999999999999999999999999999999999999999999999999999999999999999999999999
9999999999999999999999999999999999999999999999999999999999999999999999999999999999999999999999
9999999999999999999999999999999999999999999999999999999999999999999999999999999999999999999999