101 090000515 0401040182605261415A094101FRB Tungsten           Baguette Bank          REF20260
5200Baguette Store  DISCDATA-B1         1313131310PPDLEEKPAY001260526260527   1040104010000001
622010101012123456789        0000015075INV-1001       Leek Store A            1040104010000001
705Invoice INV-1001 for leek purchase                                              00010000001
622031000024987654321        0000023000INV-1002       Leek Store B            1040104010000002
705Invoice INV-1002 for leek purchase                                              00010000002
627123123123555666777        0000004500INV-1003       Leek Store C            0040104010000003
820000000500164224150000000045000000000380751313131310                         040104010000001
5200Croissant Foods DISCDATA-B2         1555666777CCDLEEKPAY002260526260527   1040104010000002
622021000021111222333        0000009900INV-2001       Leek Outlet A           0040104010000004
632026009593444555666        0000012000INV-2002       Leek Outlet B           0040104010000005
627122105155777888999        0000008750INV-2003       Leek Outlet C           0040104010000006
820000000300169114760000000087500000000219001555666777                         040104010000002
9000002000002000000080033333891000000013250000000059975                                       
9999999999999999999999999999999999999999999999999999999999999999999999999999999999999999999999
9999999999999999999999999999999999999999999999999999999999999999999999999999999999999999999999
9999999999999999999999999999999999999999999999999999999999999999999999999999999999999999999999
9999999999999999999999999999999999999999999999999999999999999999999999999999999999999999999999
9999999999999999999999999999999999999999999999999999999999999999999999999999999999999999999999
9999999999999999999999999999999999999999999999999999999999999999999999999999999999999999999999