101 090000515 5143100082605261415A094101FRB Tungsten           Croissant Bank         REF20260
5225Croissant Bank C3 entries           123456789 PPDLEEKPAY001260526260527   1514310000000001
627040104018123456789        0000050000INV-1001       Baguette Bank Client    1514310000000001
705$500 <- BaguetteBank client                                                     00010000001
627010101012123456789        0000050000INV-1001       Leek Bank Client        1514310000000002
705$500 <- Leek bank client                                                        00010000002
627910310314123456789        0000050000INV-1001       Onion Bank Client       1514310000000003
705$500 <- Onion bank client                                                       00010000003
82250000060096051533000000150000000000000000123456789                          514310000000001
9000001000001000000060096051533000000150000000000000000                                       