101 090000515 0101010122605261415A094101FRB Tungsten           Leek Bank              REF20260
5220Leek Bank Client2 entries           123456789 PPDLEEKPAY001260526260527   1010101010000001
622514310008123456789        0000003900INV-1001       Croissant Bank Client   1010101010000001
705$39 -> CroissantBank client                                                     00010000001
622040104018123456789        0000003900INV-1001       Baguette Bank Client    1010101010000002
705$39 -> BaguetteBank client                                                      00010000002
82200000040055441401000000000000000000007800123456789                          010101010000001
9000001000001000000040055441401000000000000000000007800                                       
9999999999999999999999999999999999999999999999999999999999999999999999999999999999999999999999
9999999999999999999999999999999999999999999999999999999999999999999999999999999999999999999999