101 010101012 0900005152606030200A094101Leek Bank              FRB Tungsten           10120200
5225Croissant Bank C3 entries           123456789 PPDLEEKPAY0012605262605271541514310000000001
627010101012123456789        0000050000INV-1001       Leek Bank Client        1514310000000002
705$500 <- Leek bank client                                                        00010000002
82250000020001010101000000050000000000000000123456789                          514310000000001
5200Baguette Client 2 entries           123456789 PPDLEEKPAY0012605262605271541040104010000001
622010101012123456789        0000010000INV-1001       Leek Bank Client        1040104010000001
705$100 -> LeekBank client                                                         00010000001
82000000020001010101000000000000000000010000123456789                          040104010000001
5220Baguette Store  1 entry             1555666777CCDLEEKPAY0022605262605271541040104010000002
622010101012111222333        0000031000INV-2001       LeekBank                0040104010000004
822000000100010101010000000000000000000310001555666777                         040104010000002
9000003000002000000050003030303000000050000000000041000                                       
9999999999999999999999999999999999999999999999999999999999999999999999999999999999999999999999
9999999999999999999999999999999999999999999999999999999999999999999999999999999999999999999999
9999999999999999999999999999999999999999999999999999999999999999999999999999999999999999999999
9999999999999999999999999999999999999999999999999999999999999999999999999999999999999999999999
9999999999999999999999999999999999999999999999999999999999999999999999999999999999999999999999
9999999999999999999999999999999999999999999999999999999999999999999999999999999999999999999999
9999999999999999999999999999999999999999999999999999999999999999999999999999999999999999999999