101 910310314 0900005152606030200A094101Bank of the Onion      FRB Tungsten           03140200
5225Croissant Bank C3 entries           123456789 PPDLEEKPAY0012605262605271541514310000000001
627910310314123456789        0000050000INV-1001       Onion Bank Client       1514310000000003
705$500 <- Onion bank client                                                       00010000003
82250000020091031031000000050000000000000000123456789                          514310000000001
9000001000001000000020091031031000000050000000000000000                                       
9999999999999999999999999999999999999999999999999999999999999999999999999999999999999999999999
9999999999999999999999999999999999999999999999999999999999999999999999999999999999999999999999
9999999999999999999999999999999999999999999999999999999999999999999999999999999999999999999999
9999999999999999999999999999999999999999999999999999999999999999999999999999999999999999999999