101 514310008 0900005152606030200A094101Croissant Bank         FRB Tungsten           00080200
5200Baguette Client 2 entries           123456789 PPDLEEKPAY0012605262605271541040104010000001
627514310008987654321        0000003100INV-1002       Croissant Bank Client   1040104010000002
70531 <- CroissantBank client                                                      00010000002
82000000020051431000000000003100000000000000123456789                          040104010000001
5220Leek Bank Client2 entries           123456789 PPDLEEKPAY0012605262605271541010101010000001
622514310008123456789        0000003900INV-1001       Croissant Bank Client   1010101010000001
705$39 -> CroissantBank client                                                     00010000001
82200000020051431000000000000000000000003900123456789                          010101010000001
9000002000001000000040102862000000000003100000000003900                                       