101 040104018 0900005152606030200A094101Baguette Bank          FRB Tungsten           40180200
5225Croissant Bank C3 entries           123456789 PPDLEEKPAY0012605262605271541514310000000001
627040104018123456789        0000050000INV-1001       Baguette Bank Client    1514310000000001
705$500 <- BaguetteBank client                                                     00010000001
82250000020004010401000000050000000000000000123456789                          514310000000001
5220Leek Bank Client2 entries           123456789 PPDLEEKPAY0012605262605271541010101010000001
622040104018123456789        0000003900INV-1001       Baguette Bank Client    1010101010000002
705$39 -> BaguetteBank client                                                      00010000002
82200000020004010401000000000000000000003900123456789                          010101010000001
9000002000001000000040008020802000000050000000000003900                                       